% Este archivo es parte de la memoria del proyecto fin de carrera
% de Aarón Bueno Villares. Protegida bajo la licencia GFDL.
%
% Para más información, la licencia completa viene incluida en el
% fichero fdl-1.3.tex
%
% Fuente tomada del PFC 'DSMemorizer' de Diego Barrios Romero, a su vez
% tomada del PFC 'libgann' de Francisco Javier Vázquez Púa, a su vez 
% tomada de la plantilla LaTeX para la realización de Proyectos Final 
% de Carrera de Pablo Recio Quijano.

% Copyright (C) 2008 Francisco Javier Vázquez Púa
% Copyright (C) 2009 Pablo Recio Quijano
% Copyright (C) 2009 Diego Barrios Romero

% Copyright (C) 2010 Aarón Bueno Villares

@Book{mitt04,
  author = 	 {Frank Mittelbach y Michel Goossens},
  title = 	 {The LaTeX Companion},
  publisher = 	 {Addison-Wesley},
  year = 	 {2004},
  isbn =         "0-201-36299-6"
}

@Book{stal04,
  author =       {Richard M. Stallman},
  title =        {Software libre para una sociedad libre},
  publisher =    {Traficantes de sueños: Mapas},
  year =         {2004},
  isbn =         "978-84-933555-1-7"
}

@Book{raym01,
  author =       {Eric S. Raymond},
  title =        {The cathedral and the bazaar},
  publisher =    {O'Reilly},
  year =         {2001},
  isbn =         "978-0-596-00108-7"
}

@Book{laur04,
  author =       {Andrew M. St. Laurent},
  title =        {Understanding Open Source \& Free Software Licensing},
  publisher =    {O'Reilly},
  year =         {2004},
  isbn =         "978-0-596-00581-8"
}

@book{pressman,
      author = "Roger S. Pressman",
      title = "Ingeniería del Software: Un enfoque práctico - Quinta Edición",
      publisher = "Mc Graw Hill",
      year = 2002}

@misc{sdlweb,
      title = {SDL Simple Directmedia Layer official page},
      HOWPUBLISHED = "\url{http://www.libsdl.org/index.php}"}

@misc{sdlosluca,
      title = "Wiki-Tutorial de libSDL para la programación de videojuegos",
      author = "Antonio Gardia Alba",
      publisher = "Oficina del Software libre de la Universidad de Cádiz"}


@misc{cppref,
      title = "C++ Reference wiki",
      HOWPUBLISHED = "\url{http://www.cppreference.com/wiki/}"}

@book{warh,
      title = "Warhammer: El juego de batallas fantásticas, reglamento",
      publisher = "Games Workshop"}